% This file was created with Citavi 5.7.1.0

@misc{.2019,
 year = {2019},
 title = {tmap: get started!},
 url = {https://cran.r-project.org/web/packages/tmap/vignettes/tmap-getstarted.html},
 urldate = {19.02.2019}
}


@misc{ArtSteinmetz.2017,
 author = {{Art Steinmetz}},
 year = {2017},
 title = {{Exploring the distribution of NYC Pre-K seats vs. neighborhood income}},
 url = {https://rpubs.com/apsteinmetz/prek},
 urldate = {19.02.2019}
}


@misc{Chang.2018,
 author = {Chang, Winston and Cheng, Joe and Allaire, J. J. and Xie, Yihui and McPherson, Jonathan},
 year = {2018},
 title = {{shiny: Web Application Framework for R}},
 url = {https://CRAN.R-project.org/package=shiny}
}


@misc{Cheng.2018,
 author = {Cheng, Joe and Karambelkar, Bhaskar and Xie, Yihui},
 year = {2018},
 title = {{leaflet: Create Interactive Web Maps with the JavaScript 'Leaflet'  Library}},
 url = {https://CRAN.R-project.org/package=leaflet}
}


@misc{JoshuaStevens.2015,
 author = {{Joshua Stevens}},
 year = {2015},
 title = {{Bivariate Choropleth Maps: A How-to Guide}},
 url = {http://www.joshuastevens.net/cartography/make-a-bivariate-choropleth-map/},
 urldate = {19.02.2019}
}


@article{Lahti.2017,
 author = {Lahti, Leo and Huovari, Janne and Kainu, Markus and Biecek, Przemyslaw},
 year = {2017},
 title = {{eurostat R package}},
 url = {https://journal.r-project.org/archive/2017/RJ-2017-019/index.html},
 pages = {385--392},
 volume = {9},
 number = {1}
}


@article{Tennekes.2018,
 author = {Tennekes, Martijn},
 year = {2018},
 title = {{tmap: Thematic Maps in R}},
 pages = {1--39},
 volume = {84},
 number = {6},
 journal = {{Journal of Statistical Software}},
 doi = {10.18637/jss.v084.i06}
}


